%% This BibTeX bibliography file was created using BibDesk.
%% http://bibdesk.sourceforge.net/


%% Created for littleheaven at 2013-12-11 03:50:09 +0800 


%% Saved with string encoding Unicode (UTF-8) 

@inproceedings{spatialhadoop,
  title={SpatialHadoop: A MapReduce framework for spatial data},
  author={Eldawy, Ahmed and Mokbel, Mohamed F},
  booktitle={ICDE},
  year={2015}
}

@inproceedings{spatialspark,
  title={Large-scale spatial join query processing in cloud},
  author={You, Simin and Zhang, Jianting and Gruenwald, L},
  booktitle={IEEE CloudDM workshop (To Appear)},
  year={2015}
}

@inproceedings{sparksql,
  title={Spark SQL: Relational data processing in Spark},
  author={Armbrust, Michael and Xin, Reynold S and Lian, Cheng and Huai, Yin and Liu, Davies and Bradley, Joseph K and Meng, Xiangrui and Kaftan, Tomer and Franklin, Michael J and Ghodsi, Ali and others},
  booktitle={SIGMOD},
  year={2015}
}

@inproceedings{spark,
  title={Resilient distributed datasets: A fault-tolerant abstraction for in-memory cluster computing},
  author={Zaharia, Matei and Chowdhury, Mosharaf and Das, Tathagata and Dave, Ankur and Ma, Justin and McCauley, Murphy and Franklin, Michael J and Shenker, Scott and Stoica, Ion},
  booktitle={NSDI},
  year={2012}
}

@inproceedings{bcknnj,
  title={Efficient processing of k nearest neighbor joins using mapreduce},
  author={Lu, Wei and Shen, Yanyan and Chen, Su and Ooi, Beng Chin},
  booktitle={VLDB},
  year={2012}
}

@inproceedings{SJMR,
  author    = {Zhang, Shubin and Han, Jizhong and Liu, Zhiyong and Wang, Kai and Xu, Zhiyong},
  title     = {SJMR: Parallelizing spatial join with MapReduce on clusters},
  booktitle = {{IEEE} International Conference on Cluster Computing},
  year      = {2009},
}

@inproceedings{feifeiknnj,
  title={Efficient parallel kNN joins for large data in MapReduce},
  author={Zhang, Chi and Li, Feifei and Jestes, Jeffrey},
  booktitle={EDBT},
  year={2012}
}

@inproceedings{pigeon,
  title={Pigeon: A spatial mapreduce language},
  author={Eldawy, Ahmed and Mokbel, Mohamed F},
  booktitle={ICDE},
  year={2014}
}

@inproceedings{mapr,
 author = {Dean, Jeffrey and Ghemawat, Sanjay},
 title = {MapReduce: Simplified Data Processing on Large Clusters},
 booktitle = {OSDI},
 year = {2004}
} 

@inproceedings{hadoopgis,
  title={Hadoop GIS: a high performance spatial data warehousing system over mapreduce},
  author={Aji, Ablimit and Wang, Fusheng and Vo, Hoang and Lee, Rubao and Liu, Qiaoling and Zhang, Xiaodong and Saltz, Joel},
  booktitle={VLDB},
  year={2013}
}


% rtree
@inproceedings{cary2009experiences,
  title={Experiences on processing spatial data with mapreduce},
  author={Cary, Ariel and Sun, Zhengguo and Hristidis, Vagelis and Rishe, Naphtali},
  booktitle={Scientific and Statistical Database Management},
  year={2009}
}

% range
@inproceedings{ma2009query,
  title={Query processing of massive trajectory data based on mapreduce},
  author={Ma, Qiang and Yang, Bin and Qian, Weining and Zhou, Aoying},
  booktitle={Proceedings of the first international workshop on Cloud data management},
  year={2009}
}

@inproceedings{zhang2009spatial,
  title={Spatial queries evaluation with mapreduce},
  author={Zhang, Shubin and Han, Jizhong and Liu, Zhiyong and Wang, Kai and Feng, Shengzhong},
  booktitle={International Conference on Grid and Cooperative Computing},
  year={2009}
}

@inproceedings{akdogan2010voronoi,
  title={Voronoi-based geospatial query processing with mapreduce},
  author={Akdogan, Afsin and Demiryurek, Ugur and Banaei-Kashani, Farnoush and Shahabi, Cyrus},
  booktitle={CouldCom},
  year={2010}
}

@inproceedings{wang2010accelerating,
  title={Accelerating spatial data processing with mapreduce},
  author={Wang, Kai and Han, Jizhong and Tu, Bibo and Dai, Jiao and Zhou, Wei and Song, Xuan},
  booktitle={ICPADS},
  year={2010}
}

@inproceedings{hive,
 author = {Thusoo, Ashish and Sarma, Joydeep Sen and Jain, Namit and Shao, Zheng and Chakka, Prasad and Anthony, Suresh and Liu, Hao and Wyckoff, Pete and Murthy, Raghotham},
 title = {Hive: A Warehousing Solution over a Map-reduce Framework},
 booktitle = {PVDLB},
 year = {2009}
} 

@inproceedings{rtree,
 author = {Guttman, Antonin},
 title = {R-trees: A Dynamic Index Structure for Spatial Searching},
 booktitle = {SIGMOD},
 year = {1984}
}

@inproceedings{str,
  title={{STR: A simple and efficient algorithm for R-tree packing}},
  author={Leutenegger, Scott T and Lopez, Mario and Edgington, Jeffrey and others},
  booktitle={ICDE},
  year={1997}
}

@inproceedings{pbsm,
 author = {Patel, Jignesh M. and DeWitt, David J.},
 title = {Partition Based Spatial-merge Join},
 booktitle = {SIGMOD},
 year = {1996}
}

@inproceedings{pig,
  title={Pig latin: a not-so-foreign language for data processing},
  author={Olston, Christopher and Reed, Benjamin and Srivastava, Utkarsh and Kumar, Ravi and Tomkins, Andrew},
  booktitle={SIGMOD},
  year={2008}
}

@inproceedings{cg_hadoop,
  title={CG\_Hadoop: computational geometry in MapReduce},
  author={Eldawy, Ahmed and Li, Yuan and Mokbel, Mohamed F and Janardan, Ravi},
  booktitle={SIGSPATIAL},
  year={2013}
}

@inproceedings{shark,
  title={Shark: SQL and rich analytics at scale},
  author={Xin, Reynold S and Rosen, Josh and Zaharia, Matei and Franklin, Michael J and Shenker, Scott and Stoica, Ion},
  booktitle={SIGMOD},
  year={2013}
}

@inproceedings{sato,
  title={Sato: A spatial data partitioning framework for scalable query processing},
  author={Vo, Hoang and Aji, Ablimit and Wang, Fusheng},
  booktitle={SIGSPATIAL},
  year={2014}
}

@inproceedings{mdhbase,
  title={$\mathcal{MD}$-HBase: design and implementation of an elastic data infrastructure for cloud-scale location services},
  author={Nishimura, Shoji and Das, Sudipto and Agrawal, Divyakant and El Abbadi, Amr},
  booktitle={DAPD},
  year={2013},
}

@inproceedings{geomesa,
  title={GeoMesa: a distributed architecture for spatio-temporal fusion},
  author={Hughes, James N and Annex, Andrew and Eichelberger, Christopher N and Fox, Anthony and Hulbert, Andrew and Ronquest, Michael},
  booktitle={SPIE Defense+ Security},
  year={2015}
}

@misc{osm,
  title={OpenStreepMap Project},
  note={http://www.openstreetmap.org}}

@misc{gdelt,
  title={GDELT Project},
  note={http://www.gdeltproject.org}}

@misc{sysr,
  title={R project for statistical computing},
  note={http://www.r-project.org}}

@misc{apachespark,
  title={Apache Spark Project},
  note={http://spark.apache.org}}


@misc{parquet,
  title={Apache Parquet Project},
  note={http://parquet.incubator.apache.org}}

@misc{avro,
  title={Apache Avro Project},
  note={http://avro.apache.org}}

@misc{hbase,
  title={HBase},
  note={http://hbase.apache.org}}
  
@misc{accumulo,
  title={Apache Accumulo},
  note={http://accumulo.apache.org}}

@misc{indexedrdd,
  note={https://github.com/amplab/spark-indexedrdd}}

@misc{vhadoop,
  note={http://www.comp.nus.edu.sg/~dbsystem/source.html}}

@book{Samet:2005:FMM:1076819,
 author = {Samet, Hanan},
 title = {Foundations of Multidimensional and Metric Data Structures (The Morgan Kaufmann Series in Computer Graphics and Geometric Modeling)},
 year = {2005},
 publisher = {Morgan Kaufmann Publishers Inc.}
}

@inproceedings{DBLP:conf/sigmod/BeckmannKSS90,
  author    = {Norbert Beckmann and
               Hans{-}Peter Kriegel and
               Ralf Schneider and
               Bernhard Seeger},
  title     = {The R*-Tree: An Efficient and Robust Access Method for Points and
               Rectangles},
  booktitle = {SIGMOD},
  year      = {1990}
}

@inproceedings{DBLP:conf/sigmod/RoussopoulosKV95,
  author    = {Nick Roussopoulos and
               Stephen Kelley and
               Fr{\'{e}}d{\'{e}}ic Vincent},
  title     = {Nearest Neighbor Queries},
  booktitle = {SIGMOD},
  year      = {1995}
}

@article{DBLP:journals/tocs/ChangDGHWBCFG08,
  author    = {Fay Chang and
               Jeffrey Dean and
               Sanjay Ghemawat and
               Wilson C. Hsieh and
               Deborah A. Wallach and
               Michael Burrows and
               Tushar Chandra and
               Andrew Fikes and
               Robert E. Gruber},
  title     = {Bigtable: {A} Distributed Storage System for Structured Data},
  journal   = {{ACM} Trans. Comput. Syst.},
  volume    = {26},
  number    = {2},
  year      = {2008}
}


@article{DBLP:journals/pvldb/EldawyAM15,
  author    = {Ahmed Eldawy and
               Louai Alarabi and
               Mohamed F. Mokbel},
  title     = {Spatial Partitioning Techniques in Spatial Hadoop},
  journal   = {{PVLDB}},
  volume    = {8},
  number    = {12},
  pages     = {1602--1613},
  year      = {2015}
}

@inproceedings{geospark,
	title={GeoSpark: A Cluster Computing Framework for Processing Large-Scale Spatial Data},
	author={Yu, Jia and Wu, Jinxuan and Sarwat, Mohamed},
	booktitle = {SIGSPATIAL GIS},
	year={2015}
}

